@misc{Zdunek,
  author = {Zdunek, Rafa≈Ç},
  title  = {Lecture notes in {Numerical Methods and Optimization}},
  year   = {2025}
}

@book{Meyer,
  author    = {Meyer, Carl D.},
  title     = {Matrix Analysis and Applied Linear Algebra},
  publisher = {Society for Industrial and Applied Mathematics},
  year      = {2000}
}

@book{GoluVanl96,
  Title                    = {Matrix Computations},
  Author                   = {Golub, Gene H. and Van Loan, Charles F.},
  Publisher                = {The Johns Hopkins University Press},
  Year                     = {1996},
  Edition                  = {Third}
}
