@misc{Zdunek,
  author = {Zdunek, Rafał},
  title  = {Lecture notes in {Numerical Methods and Optimization}},
  year   = {2025}
}

@book{Meyer,
  author    = {Meyer, Carl D.},
  title     = {Matrix Analysis and Applied Linear Algebra},
  publisher = {Society for Industrial and Applied Mathematics},
  year      = {2000},
  isbn      = {0-89871-454-0}
}

@book{GoluVanl96,
  title                    = {Matrix Computations},
  author                   = {Golub, Gene H. and Van Loan, Charles F.},
  publisher                = {The Johns Hopkins University Press},
  year                     = {1996},
  edition                  = {Third}
}

@article{Gerschgorin,
  title   = {{Über die Abgrenzung der Eigenwerte einer Matrix}},
  author  = {S. Gerschgorin},
  year    = {1931},
  journal = {Известия Академии наук СССР},
  volume =  6,
  pages   = {749--754}
}

@inbook{Zarowski,
  title     = {An Introduction to Numerical Analysis for Electrical and Computer Engineers},
  author    = {Christopher J. Zarowski},
  publisher = {John Wiley \& Sons},
  year      = {2004}
}

@book{Demmel,
  title     = {Applied Numerical Linear Algebra},
  author    = {James Demmel},
  publisher = {Society for Industrial and Applied Mathematics},
  year      = {1997}
}
